@misc{Dr:07,
	author = {Ulrich Drepper},
	title =	{What Every Programmer Should Know About Memory},
	howpublished = "\url{http://www.akkadia.org/drepper/cpumemory.pdf}",
	year = {2007}
}

@inproceedings{NHMHH:09,
	author = {E.B. Nightingale and O. Hodson and R. McIlroy and C. Hawblitzel and G. Hunt},
	title = {{Helios}: heterogeneous multiprocessing with satellite kernels},
	booktitle = {SOSP '09},
	year = {2009},
} 

@inproceedings{BBDHIPRSS:09,
	Author = {A. Baumann and P. Barham and P.E. Dagand and T. Harris and R. Isaacs and S. Peter and T. Roscoe and A. Sch\"{u}pbach and A. Singhania},
	Booktitle = {SOSP'09},
	Title = {The multikernel: a new {OS} architecture for scalable multicore systems},
	Year = {2009}
}

@book{Va:11,
	author = "Andras Vajda",
	title = "{Programming Many-Core Chips}",
	publisher = "Springer",
	howpublished = "\url{http://nova.polymtl.ca/~simark/spring/full2.pdf}",
	year = "2011",
}

@inproceedings{SPBRBHI:08,
    author = {Adrian Schüpbach and Simon Peter and Andrew Baumann and Timothy Roscoe and Paul Barham and Tim Harris and Rebecca Isaacs},
    title = {Embracing diversity in the Barrelfish manycore operating system},
    booktitle = {In Proceedings of the Workshop on Managed Many-Core Systems},
    year = {2008}
}

@inproceedings{LKBHAK:09,
 author = {Liu, Rose and Klues, Kevin and Bird, Sarah and Hofmeyr, Steven and Asanovi\'{c}, Krste and Kubiatowicz, John},
 title = {Tessellation: space-time partitioning in a manycore client OS},
 booktitle = {Proceedings of the First USENIX conference on Hot topics in parallelism},
 series = {HotPar'09},
 year = {2009},
 location = {Berkeley, California},
 pages = {10--10},
 numpages = {1},
 url = {http://dl.acm.org/citation.cfm?id=1855591.1855601},
 acmid = {1855601},
 publisher = {USENIX Association},
 address = {Berkeley, CA, USA},
}

@inproceedings{McIlroy:2010,
 author = {McIlroy, Ross and Sventek, Joe},
 title = {Hera-JVM: a runtime system for heterogeneous multi-core architectures},
 booktitle = {Proceedings of the ACM international conference on Object oriented programming systems languages and applications},
 series = {OOPSLA '10},
 year = {2010},
 isbn = {978-1-4503-0203-6},
 location = {Reno/Tahoe, Nevada, USA},
 pages = {205--222},
 numpages = {18},
 url = {http://doi.acm.org/10.1145/1869459.1869478},
 doi = {10.1145/1869459.1869478},
 acmid = {1869478},
 publisher = {ACM},
 address = {New York, NY, USA},
 keywords = {heterogeneous multi-core architecture, java virtual machine, software caching},
}



@inproceedings{Kumar:2003:SHM:956417.956569,
 author = {Kumar, Rakesh and Farkas, Keith I. and Jouppi, Norman P. and Ranganathan, Parthasarathy and Tullsen, Dean M.},
 title = {Single-ISA Heterogeneous Multi-Core Architectures: The Potential for Processor Power Reduction},
 booktitle = {Proceedings of the 36th annual IEEE/ACM International Symposium on Microarchitecture},
 series = {MICRO 36},
 year = {2003},
 isbn = {0-7695-2043-X},
 pages = {81--},
 url = {http://dl.acm.org/citation.cfm?id=956417.956569},
 acmid = {956569},
 publisher = {IEEE Computer Society},
 address = {Washington, DC, USA},
} 

@article{kumar2005heterogeneous,
  title={Heterogeneous chip multiprocessors},
  author={Kumar, Rakesh and Tullsen, Dean M and Jouppi, Norman P and Ranganathan, Parthasarathy},
  journal={Computer},
  volume={38},
  number={11},
  pages={32--38},
  year={2005},
  publisher={IEEE}
}

@article{Balakrishnan:2005:IPA:1080695.1070012,
 author = {Balakrishnan, Saisanthosh and Rajwar, Ravi and Upton, Mike and Lai, Konrad},
 title = {The Impact of Performance Asymmetry in Emerging Multicore Architectures},
 journal = {SIGARCH Comput. Archit. News},
 issue_date = {May 2005},
 volume = {33},
 number = {2},
 month = may,
 year = {2005},
 issn = {0163-5964},
 pages = {506--517},
 numpages = {12},
 url = {http://doi.acm.org/10.1145/1080695.1070012},
 doi = {10.1145/1080695.1070012},
 acmid = {1070012},
 publisher = {ACM},
 address = {New York, NY, USA},
} 

@inproceedings{Li:2007:EOS:1362622.1362694,
 author = {Li, Tong and Baumberger, Dan and Koufaty, David A. and Hahn, Scott},
 title = {Efficient operating system scheduling for performance-asymmetric multi-core architectures},
 booktitle = {Proceedings of the 2007 ACM/IEEE conference on Supercomputing},
 series = {SC '07},
 year = {2007},
 isbn = {978-1-59593-764-3},
 location = {Reno, Nevada},
 pages = {53:1--53:11},
 articleno = {53},
 numpages = {11},
 url = {http://doi.acm.org/10.1145/1362622.1362694},
 doi = {10.1145/1362622.1362694},
 acmid = {1362694},
 publisher = {ACM},
 address = {New York, NY, USA},
} 

