@book{Vajda:1414193,
	author        = "Vajda, Andras",
	title         = "{Programming Many-Core Chips}",
	publisher     = "Springer",
	address       = "Dordrecht",
	year          = "2011",
}

@inproceedings{charles2009evaluationintel,
 author = {Charles, James and Jassi, Preet and Ananth, Narayan S. and Sadat, Abbas and Fedorova, Alexandra},
 title = {Evaluation of the Intel\&\#174; Core\&\#153; I7 Turbo Boost Feature},
 booktitle = {Proceedings of the 2009 IEEE International Symposium on Workload Characterization (IISWC)},
 series = {IISWC '09},
 year = {2009},
 isbn = {978-1-4244-5156-2},
 pages = {188--197},
 numpages = {10},
 url = {http://dx.doi.org/10.1109/IISWC.2009.5306782},
 doi = {10.1109/IISWC.2009.5306782},
 acmid = {1680795},
 publisher = {IEEE Computer Society},
 address = {Washington, DC, USA},
} 

@article{borkar2011future,
 author = {Borkar, Shekhar and Chien, Andrew A.},
 title = {The Future of Microprocessors},
 journal = {Commun. ACM},
 issue_date = {May 2011},
 volume = {54},
 number = {5},
 month = may,
 year = {2011},
 issn = {0001-0782},
 pages = {67--77},
 numpages = {11},
 url = {http://doi.acm.org/10.1145/1941487.1941507},
 doi = {10.1145/1941487.1941507},
 acmid = {1941507},
 publisher = {ACM},
 address = {New York, NY, USA},
} 

@article{Panneerselvam:2012:COS:2189750.2150988,
 author = {Panneerselvam, Sankaralingam and Swift, Michael M.},
 title = {Chameleon: Operating System Support for Dynamic Processors},
 journal = {SIGARCH Comput. Archit. News},
 issue_date = {March 2012},
 volume = {40},
 number = {1},
 month = mar,
 year = {2012},
 issn = {0163-5964},
 pages = {99--110},
 numpages = {12},
 url = {http://doi.acm.org/10.1145/2189750.2150988},
 doi = {10.1145/2189750.2150988},
 acmid = {2150988},
 publisher = {ACM},
 address = {New York, NY, USA},
 keywords = {dynamic processors, hotplug, processor proxy, reconfiguration, scheduling},
} 


@inproceedings{Rossbach:2013:DCR:2517349.2522715,
 author = {Rossbach, Christopher J. and Yu, Yuan and Currey, Jon and Martin, Jean-Philippe and Fetterly, Dennis},
 title = {Dandelion: A Compiler and Runtime for Heterogeneous Systems},
 booktitle = {Proceedings of the Twenty-Fourth ACM Symposium on Operating Systems Principles},
 series = {SOSP '13},
 year = {2013},
 isbn = {978-1-4503-2388-8},
 location = {Farminton, Pennsylvania},
 pages = {49--68},
 numpages = {20},
 url = {http://doi.acm.org/10.1145/2517349.2522715},
 doi = {10.1145/2517349.2522715},
 acmid = {2522715},
 publisher = {ACM},
 address = {New York, NY, USA},
} 


@article{Kumar:2005:HCM:1100859.1100890,
	author = {Kumar, Rakesh and Tullsen, Dean M. and Jouppi, Norman P. and Ranganathan, Parthasarathy},
	title = {Heterogeneous Chip Multiprocessors},
	journal = {Computer},
	issue_date = {November 2005},
	volume = {38},
	number = {11},
	month = nov,
	year = {2005},
	issn = {0018-9162},
	pages = {32--38},
	numpages = {7},
	url = {http://dx.doi.org/10.1109/MC.2005.379},
	doi = {10.1109/MC.2005.379},
	acmid = {1100890},
	publisher = {IEEE Computer Society Press},
	address = {Los Alamitos, CA, USA},
	keywords = {CMP, Chip multiprocessors, Heterogeneity, Multicore microprocessors, Multiprocessors, Multiprocessors, Multicore microprocessors, Chip multiprocessors, CMP, Power-aware computing, System architectures, Heterogeneity, Power-aware computing, System architectures},
} 

@ARTICLE{4563876, 
	author={Hill, M.D. and Marty, M.R.}, 
	journal={Computer}, 
	title={Amdahl's Law in the Multicore Era}, 
	year={2008}, 
	volume={41}, 
	number={7}, 
	pages={33-38}, 
	keywords={Computer architecture;Costs;Energy management;Equations;Hardware;Multicore processing;Multiprocessor interconnection networks;Parallel processing;Pipelines;Roads;Amdahl's law;chip multiprocessors (CMPs);multicore chips}, 
	doi={10.1109/MC.2008.209}, 
	ISSN={0018-9162},
}

@INPROCEEDINGS{5695539,
 volume = {54},
 number = {5},
 month = may,
 year = {2011},
 issn = {0001-0782},
 pages = {67--77},
 numpages = {11},
 url = {http://doi.acm.org/10.1145/1941487.1941507},
 doi = {10.1145/1941487.1941507},
 acmid = {1941507},
 publisher = {ACM},
 address = {New York, NY, USA},
}

@article{rotem2012pai,
 author = {Rotem, Efraim and Naveh, Alon and Ananthakrishnan, Avinash and Weissmann, Eliezer and Rajwan, Doron},
 title = {Power-Management Architecture of the Intel Microarchitecture Code-Named Sandy Bridge},
 journal = {IEEE Micro},
 issue_date = {March 2012},
 volume = {32},
 number = {2},
 month = mar,
 year = {2012},
 issn = {0272-1732},
 pages = {20--27},
 numpages = {8},
 url = {http://dx.doi.org/10.1109/MM.2012.12},
 doi = {10.1109/MM.2012.12},
 acmid = {2196996},
 publisher = {IEEE Computer Society Press},
 address = {Los Alamitos, CA, USA},
 keywords = {power management, energy management, Turbo Boost, Sandy Bridge},
} 

@inproceedings{Borkar:2007:TCC:1278480.1278667,
	author = {Borkar, Shekhar},
	title = {Thousand Core Chips: A Technology Perspective},
	booktitle = {Proceedings of the 44th Annual Design Automation Conference},
	series = {DAC '07},
	year = {2007},
	isbn = {978-1-59593-627-1},
	location = {San Diego, California},
	pages = {746--749},
	numpages = {4},
	url = {http://doi.acm.org/10.1145/1278480.1278667},
	doi = {10.1145/1278480.1278667},
	acmid = {1278667},
	publisher = {ACM},
	address = {New York, NY, USA},
	keywords = {CMOS, memory, power, reliability, variability},
} 

@INPROCEEDINGS{Schupbach08embracingdiversity,
    author = {Adrian Sch√ºpbach and Simon Peter and Andrew Baumann and Timothy Roscoe and Paul Barham and Tim Harris and Rebecca Isaacs},
    title = {Embracing diversity in the Barrelfish manycore operating system},
    booktitle = {In Proceedings of the Workshop on Managed Many-Core Systems},
    year = {2008}
}

@INPROCEEDINGS{5695539, 
author={Chung, E.S. and Milder, P.A. and Hoe, J.C. and Ken Mai}, 
booktitle={Microarchitecture (MICRO), 2010 43rd Annual IEEE/ACM International Symposium on}, 
title={Single-Chip Heterogeneous Computing: Does the Future Include Custom Logic, FPGAs, and GPGPUs?}, 
year={2010}, 
month={Dec}, 
pages={225-236}, 
keywords={application specific integrated circuits;computer graphic equipment;coprocessors;electronic engineering computing;energy conservation;field programmable gate arrays;multiprocessing systems;ASIC;FPGA;GPGPU;ITRS road map;U-cores;custom logic;energy efficiency;future chip multiprocessors;heterogeneous multicores;single-chip heterogeneous computing;asic;fpga;gpu;heterogeneous;itrs;multicore;technology scaling}, 
doi={10.1109/MICRO.2010.36}, 
ISSN={1072-4451},}


@ARTICLE{4796165, 
	author={Seiler, L. and Carmean, D. and Sprangle, E. and Forsyth, T. and Dubey, P. and Junkins, S. and Lake, A. and Cavin, R. and Espasa, R. and Grochowski, E. and Juan, T. and Abrash, M. and Sugerman, J. and Hanrahan, P.}, 
	journal={Micro, IEEE}, 
	title={Larrabee: A Many-Core x86 Architecture for Visual Computing}, 
	year={2009}, 
	volume={29}, 
	number={1}, 
	pages={10-21}, 
	keywords={microprocessor chips;rendering (computer graphics);vector processor systems;GPU;Larrabee many-core x86 architecture;fixed-function logic;software renderer;vector processor unit;visual computing;Application software;Computer architecture;Graphics;Logic;Performance analysis;Pipelines;Registers;Scalability;Software standards;Vector processors;GPGPU;SIMD;graphics architecture;many-core computing;parallel processing;real-time graphics;software rendering;throughput computing;visual computing}, 
	doi={10.1109/MM.2009.9}, 
	ISSN={0272-1732},
}

@INPROCEEDINGS{kahle2005cell, 
	author={Kahle, J.}, 
	booktitle={Microarchitecture, 2005. MICRO-38. Proceedings. 38th Annual IEEE/ACM International Symposium on}, 
	title={The Cell Processor Architecture}, 
	year={2005}, 
	pages={3-3}, 
	keywords={Chip scale packaging;Energy management;Helium;Microarchitecture;Microprocessors;Portable computers;Power dissipation;Project management;Technological innovation;Threshold voltage}, 
	doi={10.1109/MICRO.2005.33},
}

@INPROCEEDINGS{1431574, 
	author={Kumar, R. and Zyuban, V. and Tullsen, D.M.}, 
	booktitle={Computer Architecture, 2005. ISCA '05. Proceedings. 32nd International Symposium on}, 
	title={Interconnections in multi-core architectures: understanding mechanisms, overheads and scaling}, 
	year={2005}, 
	pages={408-419}, 
	keywords={cache storage;microprocessor chips;multiprocessor interconnection networks;parallel architectures;performance evaluation;system buses;chip multiprocessor;hierarchical bus structure;interconnect architectures;interconnect bandwidth;interconnections;multicore architectures;multicore design;on-chip interconnects;Bandwidth;Computer architecture;Computer science;Delay;Design engineering;Joining processes;Power engineering and energy;Power system interconnection;Space exploration;Space technology}, 
	doi={10.1109/ISCA.2005.34}, 
	ISSN={1063-6897},
}

@inproceedings{atumanov-sfma13,
	author = {Alexey Tumanov and Joshua Wise and Onur Mutlu and Gregory R. Ganger},
	title = {Asymmetry-aware execution placement on manycore chips},
	booktitle = {Proc. of the 3rd Workshop on Systems for 
		Future Multicore Architectures (SFMA'13)},
	series = {SFMA '13},
	year = {2013},
	location = {Prague, Czech Republic},
}

@inproceedings{Dashti:2013:TMH:2451116.2451157,
	author = {Dashti, Mohammad and Fedorova, Alexandra and Funston, Justin and Gaud, Fabien and Lachaize, Renaud and Lepers, Baptiste and Quema, Vivien and Roth, Mark},
	title = {Traffic Management: A Holistic Approach to Memory Placement on NUMA Systems},
	booktitle = {Proceedings of the Eighteenth International Conference on Architectural Support for Programming Languages and Operating Systems},
	series = {ASPLOS '13},
	year = {2013},
	isbn = {978-1-4503-1870-9},
	location = {Houston, Texas, USA},
	pages = {381--394},
	numpages = {14},
	url = {http://doi.acm.org/10.1145/2451116.2451157},
	doi = {10.1145/2451116.2451157},
	acmid = {2451157},
	publisher = {ACM},
	address = {New York, NY, USA},
	keywords = {multicore, numa, operating systems, scheduling},
} 

@MISC{Srikantaiah08adaptiveset,
	author = {Shekhar Srikantaiah and Mahmut Kandemir and Mary Jane Irwin},
	title = {Adaptive Set Pinning: Managing Shared Caches in Chip Multiprocessors },
	year = {2008}
}

@inproceedings{David:2013:EYA:2517349.2522714,
	author = {David, Tudor and Guerraoui, Rachid and Trigonakis, Vasileios},
	title = {Everything You Always Wanted to Know About Synchronization but Were Afraid to Ask},
	booktitle = {Proceedings of the Twenty-Fourth ACM Symposium on Operating Systems Principles},
	series = {SOSP '13},
	year = {2013},
	isbn = {978-1-4503-2388-8},
	location = {Farminton, Pennsylvania},
	pages = {33--48},
	numpages = {16},
	url = {http://doi.acm.org/10.1145/2517349.2522714},
	doi = {10.1145/2517349.2522714},
	acmid = {2522714},
	publisher = {ACM},
	address = {New York, NY, USA},
} 

@MISC{Drepper07whatevery,
	author = {Ulrich Drepper},
	title = {What Every Programmer Should Know About Memory},
	year = {2007}
}

@article{10.1109/MM.2011.1,
	author = {Enrico Bini and Giorgio Buttazzo and Johan Eker and Stefan Schorr and Raphael Guerra and Gerhard Fohler and Karl-Erik Arzen and Vanessa Romero Segovia and Claudio Scordino},
	title = {Resource Management on Multicore Systems: The ACTORS Approach},
	journal ={IEEE Micro},
	volume = {31},
	number = {3},
	issn = {0272-1732},
	year = {2011},
	pages = {72-81},
	doi = {http://doi.ieeecomputersociety.org/10.1109/MM.2011.1},
	publisher = {IEEE Computer Society},
	address = {Los Alamitos, CA, USA},
}


@inproceedings{andersen2009fawn,
 author = {Andersen, David G. and Franklin, Jason and Kaminsky, Michael and Phanishayee, Amar and Tan, Lawrence and Vasudevan, Vijay},
 title = {FAWN: A Fast Array of Wimpy Nodes},
 booktitle = {Proceedings of the ACM SIGOPS 22Nd Symposium on Operating Systems Principles},
 series = {SOSP '09},
 year = {2009},
 isbn = {978-1-60558-752-3},
 location = {Big Sky, Montana, USA},
 pages = {1--14},
 numpages = {14},
 url = {http://doi.acm.org/10.1145/1629575.1629577},
 doi = {10.1145/1629575.1629577},
 acmid = {1629577},
 publisher = {ACM},
 address = {New York, NY, USA},
 keywords = {cluster computing, design, energy efficiency, flash, measurement, performance},
} 

@inproceedings{lang2010nonwimpy,
 author = {Lang, Willis and Patel, Jignesh M. and Shankar, Srinath},
 title = {Wimpy Node Clusters: What About Non-wimpy Workloads?},
 booktitle = {Proceedings of the Sixth International Workshop on Data Management on New Hardware},
 series = {DaMoN '10},
 year = {2010},
 isbn = {978-1-4503-0189-3},
 location = {Indianapolis, Indiana},
 pages = {47--55},
 numpages = {9},
 url = {http://doi.acm.org/10.1145/1869389.1869396},
 doi = {10.1145/1869389.1869396},
 acmid = {1869396},
 publisher = {ACM},
 address = {New York, NY, USA},
} 


@inproceedings{berezecki2011manycore,
 author = {Berezecki, M. and Frachtenberg, E. and Paleczny, M. and Steele, K.},
 title = {Many-core Key-value Store},
 booktitle = {Proceedings of the 2011 International Green Computing Conference and Workshops},
 series = {IGCC '11},
 year = {2011},
 isbn = {978-1-4577-1222-7},
 pages = {1--8},
 numpages = {8},
 url = {http://dx.doi.org/10.1109/IGCC.2011.6008565},
 doi = {10.1109/IGCC.2011.6008565},
 acmid = {2193363},
 publisher = {IEEE Computer Society},
 address = {Washington, DC, USA},
 keywords = {64-core Tilera TILEPro64, many-core key-value store, data centers, task-parallel workloads, low-core-count servers, low-power servers, under-utilizing memory, power consumption, high-core-count processor, clock rate, 4-core Intel Xeon L5520, 8-core AMD Opteron 6128 HE},
}

@misc{greenhalgh2011biglittle,
	author = {P. Greenhalgh},
	title = {Big.LITTLE processing with ARM Cortex-A15 \& Cortex-A7: Improving energy efficiency in high-performance mobile platforms},
	howpublished = "\url{http://www.arm.com/files/downloads/big_LITTLE_Final_Final.pdf}",
	year = {2011}
}

@article{wentzlaff2007tile,
	author = {Wentzlaff, David and Griffin, Patrick and Hoffmann, Henry and Bao, Liewei and Edwards, Bruce and Ramey, Carl and Mattina, Matthew and Miao, Chyi-Chang and Brown III, John F. and Agarwal, Anant},
	title = {On-Chip Interconnection Architecture of the Tile Processor},
	journal = {IEEE Micro},
	issue_date = {September 2007},
	volume = {27},
	number = {5},
	month = sep,
	year = {2007},
	issn = {0272-1732},
	pages = {15--31},
	numpages = {17},
	url = {http://dx.doi.org/10.1109/MM.2007.89},
	doi = {10.1109/MM.2007.89},
	acmid = {1320834},
	publisher = {IEEE Computer Society Press},
	address = {Los Alamitos, CA, USA},
	keywords = {MIMD processors, MIMD processors, on-chip interconnection networks, multicore architectures, mesh networks, parallel architectures, mesh networks, multicore architectures, on-chip interconnection networks, parallel architectures},
} 

@inproceedings{KFJRT:03,
	author = {R. Kumar and K. Farkas I. and N.P. Jouppi and P. Ranganathan and D.M. Tullsen},
	title = {Single-ISA Heterogeneous Multi-Core Architectures: The Potential for Processor Power Reduction},
	booktitle = {MICRO 36},
	year = {2003}
}

@article{FSSP:09,
	author = {A. Fedorova and J.C. Saez and D. Shelepov and M. Prieto},
	title = {Maximizing Power Efficiency with Asymmetric Multicore Systems},
	journal = {Communications of the ACM},
	issue_date = {December 2009},
	volume = {52},
	number = {12},
	month = dec,
	year = {2009},
	pages = {48--57},
	numpages = {10},
	url = {http://doi.acm.org/10.1145/1610252.1610270},
	doi = {10.1145/1610252.1610270},
	publisher = {ACM},
	address = {New York, NY}
}

@misc{HBT,
	author = {T. Hruby and H. Bos and A.S. Tanenbaum},
	title = {Heterogeneous Multicores: When Slower is Faster},
	year = {}
}

@misc{FSC,
	author = {H. Fujita and R. Schreiber and A.A. Chien},
	title = {It's Time for New Programming Models for Unreliable Hardware},
	year = {}
}

@inproceedings{WCS:09,
	author = {P.M. Wells and K. Chakraborty and G.S. Sohi},
	title = {Mixed-Mode Multicore Reliability},
	booktitle = {Proceedings of the 14th international conference on Architectural support for programming languages and operating systems},
	year = {2009},
	pages = {169--180}
}

@inproceedings{WCS:08,
	author = {P.M. Wells and K. Chakraborty and G.S. Sohi},
	title = {Adapting to Intermittent Faults in Multicore Systems},
	booktitle = {Proceedings of the 13th international conference on Architectural support for programming languages and operating systems},
	year = {2008},
	pages = {255--264}
}

@inproceedings{LCWM:08,
	author = {M.D. Linderman and J.D. Collins and H. Wang and T.H. Meng},
	booktitle = {Proceedings of the 13th international conference on Architectural support for programming languages and operating systems},
	year = {2008},
	pages = {287--296}
}

@inproceedings{dean2004mapreduce,
 author = {Dean, Jeffrey and Ghemawat, Sanjay},
 title = {MapReduce: Simplified Data Processing on Large Clusters},
 booktitle = {Proceedings of the 6th Conference on Symposium on Opearting Systems Design \& Implementation - Volume 6},
 series = {OSDI'04},
 year = {2004},
 location = {San Francisco, CA},
 pages = {10--10},
 numpages = {1},
 url = {http://dl.acm.org/citation.cfm?id=1251254.1251264},
 acmid = {1251264},
 publisher = {USENIX Association},
 address = {Berkeley, CA, USA},
} 

@ARTICLE{Mao10optimizingmapreduce,
	author = {Yandong Mao and Robert Morris and M. Frans Kaashoek},
	title = {Optimizing MapReduce for Multicore Architectures},
	journal = {Computer Science and Artificial Intelligence Laboratory, Massachusetts Institute of Technology, Tech. Rep},
	year = {2010}
}

@book{hennessy2006comparchquantitative,
 author = {Hennessy, John L. and Patterson, David A.},
 title = {Computer Architecture, Fourth Edition: A Quantitative Approach},
 year = {2006},
 isbn = {0123704901},
 publisher = {Morgan Kaufmann Publishers Inc.},
 address = {San Francisco, CA, USA},
} 

@inproceedings{balakrishnan2005impactperfasym,
	author = {Balakrishnan, Saisanthosh and Rajwar, Ravi and Upton, Mike and Lai, Konrad},
	title = {The Impact of Performance Asymmetry in Emerging Multicore Architectures},
	booktitle = {Proceedings of the 32Nd Annual International Symposium on Computer Architecture},
	series = {ISCA '05},
	year = {2005},
	isbn = {0-7695-2270-X},
	pages = {506--517},
	numpages = {12},
	url = {http://dx.doi.org/10.1109/ISCA.2005.51},
	doi = {10.1109/ISCA.2005.51},
	acmid = {1070012},
	publisher = {IEEE Computer Society},
	address = {Washington, DC, USA},
}

@inproceedings{McIlroy:2010:HRS:1869459.1869478,
	author = {McIlroy, Ross and Sventek, Joe},
	title = {Hera-JVM: A Runtime System for Heterogeneous Multi-core Architectures},
	booktitle = {Proceedings of the ACM International Conference on Object Oriented Programming Systems Languages and Applications},
	series = {OOPSLA '10},
	year = {2010},
	isbn = {978-1-4503-0203-6},
	location = {Reno/Tahoe, Nevada, USA},
	pages = {205--222},
	numpages = {18},
	url = {http://doi.acm.org/10.1145/1869459.1869478},
	doi = {10.1145/1869459.1869478},
	acmid = {1869478},
	publisher = {ACM},
	address = {New York, NY, USA},
	keywords = {heterogeneous multi-core architecture, java virtual machine, software caching}
}

@article{maasjvm,
	title={A JVM for the Barrelfish Operating System},
	author={Maas, Martin and McIlroy, Ross}
}

@inproceedings{baumann2009your,
	title={Your computer is already a distributed system. Why isn't your OS?},
	author={Baumann, Andrew and Peter, Simon and Sch{\"u}pbach, Adrian and Singhania, Akhilesh and Roscoe, Timothy and Barham, Paul and Isaacs, Rebecca},
	booktitle={HotOS},
	year={2009}
}

@article{colmenares2010resource,
	title={Resource management in the tessellation manycore os},
	author={Colmenares, Juan A and Bird, Sarah and Cook, Henry and Pearce, Paul and Zhu, David and Shalf, John and Hofmeyr, Steven and Asanovic, Krste and Kubiatowicz, John},
	journal={HotPar10, Berkeley, CA},
	year={2010}
}

@inproceedings{Baumann:2009:MNO:1629575.1629579,
 author = {Baumann, Andrew and Barham, Paul and Dagand, Pierre-Evariste and Harris, Tim and Isaacs, Rebecca and Peter, Simon and Roscoe, Timothy and Sch\"{u}pbach, Adrian and Singhania, Akhilesh},
 title = {The Multikernel: A New OS Architecture for Scalable Multicore Systems},
 booktitle = {Proceedings of the ACM SIGOPS 22Nd Symposium on Operating Systems Principles},
 series = {SOSP '09},
 year = {2009},
 isbn = {978-1-60558-752-3},
 location = {Big Sky, Montana, USA},
 pages = {29--44},
 numpages = {16},
 url = {http://doi.acm.org/10.1145/1629575.1629579},
 doi = {10.1145/1629575.1629579},
 acmid = {1629579},
 publisher = {ACM},
 address = {New York, NY, USA},
 keywords = {message passing, multicore processors, scalability},
}

@inproceedings{Wentzlaff:2010:OSM:1807128.1807132,
 author = {Wentzlaff, David and Gruenwald,III, Charles and Beckmann, Nathan and Modzelewski, Kevin and Belay, Adam and Youseff, Lamia and Miller, Jason and Agarwal, Anant},
 title = {An Operating System for Multicore and Clouds: Mechanisms and Implementation},
 booktitle = {Proceedings of the 1st ACM Symposium on Cloud Computing},
 series = {SoCC '10},
 year = {2010},
 isbn = {978-1-4503-0036-0},
 location = {Indianapolis, Indiana, USA},
 pages = {3--14},
 numpages = {12},
 url = {http://doi.acm.org/10.1145/1807128.1807132},
 doi = {10.1145/1807128.1807132},
 acmid = {1807132},
 publisher = {ACM},
 address = {New York, NY, USA},
 keywords = {cloud computing, multicores, scalable operating systems, single system image},
}

@inproceedings{boyd2008corey,
  title={Corey: An Operating System for Many Cores.},
  author={Boyd-Wickizer, Silas and Chen, Haibo and Chen, Rong and Mao, Yandong and Kaashoek, M Frans and Morris, Robert and Pesterev, Aleksey and Stein, Lex and Wu, Ming and Dai, Yue-hua and others},
  booktitle={OSDI},
  volume={8},
  pages={43--57},
  year={2008}
}

@inproceedings{nightingale2009helios,
 author = {Nightingale, Edmund B. and Hodson, Orion and McIlroy, Ross and Hawblitzel, Chris and Hunt, Galen},
 title = {Helios: Heterogeneous Multiprocessing with Satellite Kernels},
 booktitle = {Proceedings of the ACM SIGOPS 22Nd Symposium on Operating Systems Principles},
 series = {SOSP '09},
 year = {2009},
 isbn = {978-1-60558-752-3},
 location = {Big Sky, Montana, USA},
 pages = {221--234},
 numpages = {14},
 url = {http://doi.acm.org/10.1145/1629575.1629597},
 doi = {10.1145/1629575.1629597},
 acmid = {1629597},
 publisher = {ACM},
 address = {New York, NY, USA},
 keywords = {heterogeneous computing, operating systems},
}

@inproceedings{gamsa1999tornado,
  title={Tornado: Maximizing locality and concurrency in a shared memory multiprocessor operating system},
  author={Gamsa, Benjamin and Krieger, Orran and Appavoo, Jonathan and Stumm, Michael},
  booktitle={OSDI},
  volume={99},
  pages={87--100},
  year={1999}
}

@article{Shelepov:2009:HSH:1531793.1531804,
 author = {Shelepov, Daniel and Saez Alcaide, Juan Carlos and Jeffery, Stacey and Fedorova, Alexandra and Perez, Nestor and Huang, Zhi Feng and Blagodurov, Sergey and Kumar, Viren},
 title = {HASS: A Scheduler for Heterogeneous Multicore Systems},
 journal = {SIGOPS Oper. Syst. Rev.},
 issue_date = {April 2009},
 volume = {43},
 number = {2},
 month = apr,
 year = {2009},
 issn = {0163-5980},
 pages = {66--75},
 numpages = {10},
 url = {http://doi.acm.org/10.1145/1531793.1531804},
 doi = {10.1145/1531793.1531804},
 acmid = {1531804},
 publisher = {ACM},
 address = {New York, NY, USA},
 keywords = {architectural signatures, asymmetric, heterogeneous, multicore, scheduling},
}

@inproceedings{Suleman:2009:ACS:1508244.1508274,
 author = {Suleman, M. Aater and Mutlu, Onur and Qureshi, Moinuddin K. and Patt, Yale N.},
 title = {Accelerating Critical Section Execution with Asymmetric Multi-core Architectures},
 booktitle = {Proceedings of the 14th International Conference on Architectural Support for Programming Languages and Operating Systems},
 series = {ASPLOS XIV},
 year = {2009},
 isbn = {978-1-60558-406-5},
 location = {Washington, DC, USA},
 pages = {253--264},
 numpages = {12},
 url = {http://doi.acm.org/10.1145/1508244.1508274},
 doi = {10.1145/1508244.1508274},
 acmid = {1508274},
 publisher = {ACM},
 address = {New York, NY, USA},
 keywords = {cmp, critical sections, heterogeneous cores, locks, multi-core, parallel programming},
}

@article{rogers2009bandwidth,
 author = {Rogers, Brian M. and Krishna, Anil and Bell, Gordon B. and Vu, Ken and Jiang, Xiaowei and Solihin, Yan},
 title = {Scaling the Bandwidth Wall: Challenges in and Avenues for CMP Scaling},
 journal = {SIGARCH Comput. Archit. News},
 issue_date = {June 2009},
 volume = {37},
 number = {3},
 month = jun,
 year = {2009},
 issn = {0163-5964},
 pages = {371--382},
 numpages = {12},
 url = {http://doi.acm.org/10.1145/1555815.1555801},
 doi = {10.1145/1555815.1555801},
 acmid = {1555801},
 publisher = {ACM},
 address = {New York, NY, USA},
 keywords = {analytical model, chip multi-processor, memory bandwidth},
} 

@article {CPE:CPE1631,
author = {Augonnet, C√©dric and Thibault, Samuel and Namyst, Raymond and Wacrenier, Pierre-Andr√©},
title = {StarPU: a unified platform for task scheduling on heterogeneous multicore architectures},
journal = {Concurrency and Computation: Practice and Experience},
volume = {23},
number = {2},
publisher = {John Wiley & Sons, Ltd.},
issn = {1532-0634},
url = {http://dx.doi.org/10.1002/cpe.1631},
doi = {10.1002/cpe.1631},
pages = {187--198},
keywords = {GPU, multicore, accelerator, scheduling, runtime system},
year = {2011},
}

@article{tumanovasymmetry,
  title={Asymmetry-aware execution placement on manycore chips},
  author={Tumanov, Alexey and Wise, Joshua and Mutlu, Onur and Ganger, Gregory R}
}

@inproceedings{Kumar:2004:SHM:998680.1006707,
 author = {Kumar, Rakesh and Tullsen, Dean M. and Ranganathan, Parthasarathy and Jouppi, Norman P. and Farkas, Keith I.},
 title = {Single-ISA Heterogeneous Multi-Core Architectures for Multithreaded Workload Performance},
 booktitle = {Proceedings of the 31st Annual International Symposium on Computer Architecture},
 series = {ISCA '04},
 year = {2004},
 isbn = {0-7695-2143-6},
 location = {M\&\#252;nchen, Germany},
 pages = {64--},
 url = {http://dl.acm.org/citation.cfm?id=998680.1006707},
 acmid = {1006707},
 publisher = {IEEE Computer Society},
 address = {Washington, DC, USA},
}

@article{manferdelli2008challenges,
  title={Challenges and opportunities in many-core computing},
  author={Manferdelli, John L and Govindaraju, Naga K and Crall, Chris},
  journal={Proceedings of the IEEE},
  volume={96},
  number={5},
  pages={808--815},
  year={2008},
  publisher={IEEE}
}

@inproceedings{Ipek:2007:CFA:1250662.1250686,
 author = {Ipek, Engin and Kirman, Meyrem and Kirman, Nevin and Martinez, Jose F.},
 title = {Core Fusion: Accommodating Software Diversity in Chip Multiprocessors},
 booktitle = {Proceedings of the 34th Annual International Symposium on Computer Architecture},
 series = {ISCA '07},
 year = {2007},
 isbn = {978-1-59593-706-3},
 location = {San Diego, California, USA},
 pages = {186--197},
 numpages = {12},
 url = {http://doi.acm.org/10.1145/1250662.1250686},
 doi = {10.1145/1250662.1250686},
 acmid = {1250686},
 publisher = {ACM},
 address = {New York, NY, USA},
 keywords = {chip multiprocessors, reconfigurable architectures, software diversity},
}

@article{knauerhase2008using,
  title={Using OS observations to improve performance in multicore systems},
  author={Knauerhase, Rob and Brett, Paul and Hohlt, Barbara and Li, Tong and Hahn, Scott},
  journal={Micro, IEEE},
  volume={28},
  number={3},
  pages={54--66},
  year={2008},
  publisher={IEEE}
}

@inproceedings{Gelado:2010:ADS:1736020.1736059,
 author = {Gelado, Isaac and Stone, John E. and Cabezas, Javier and Patel, Sanjay and Navarro, Nacho and Hwu, Wen-mei W.},
 title = {An Asymmetric Distributed Shared Memory Model for Heterogeneous Parallel Systems},
 booktitle = {Proceedings of the Fifteenth Edition of ASPLOS on Architectural Support for Programming Languages and Operating Systems},
 series = {ASPLOS XV},
 year = {2010},
 isbn = {978-1-60558-839-1},
 location = {Pittsburgh, Pennsylvania, USA},
 pages = {347--358},
 numpages = {12},
 url = {http://doi.acm.org/10.1145/1736020.1736059},
 doi = {10.1145/1736020.1736059},
 acmid = {1736059},
 publisher = {ACM},
 address = {New York, NY, USA},
 keywords = {asymmetric distributed shared memory, data-centric programming models, heterogeneous systems},
}

@article{boyd2010analysis,
  title={An analysis of Linux scalability to many cores},
  author={Boyd-Wickizer, Silas and Clements, Austin T and Mao, Yandong and Pesterev, Aleksey and Kaashoek, M Frans and Morris, Robert and Zeldovich, Nickolai},
  year={2010},
  publisher={USENIX Association}
}

@inproceedings{Barrelfish,
 author = {Baumann, Andrew and Barham, Paul and Dagand, Pierre-Evariste and Harris, Tim and Isaacs, Rebecca and Peter, Simon and Roscoe, Timothy and Sch\"{u}pbach, Adrian and Singhania, Akhilesh},
 title = {The Multikernel: A New OS Architecture for Scalable Multicore Systems},
 booktitle = {Proceedings of the ACM SIGOPS 22Nd Symposium on Operating Systems Principles},
 series = {SOSP '09},
 year = {2009},
 isbn = {978-1-60558-752-3},
 location = {Big Sky, Montana, USA},
 pages = {29--44},
 numpages = {16},
 url = {http://doi.acm.org/10.1145/1629575.1629579},
 doi = {10.1145/1629575.1629579},
 acmid = {1629579},
 publisher = {ACM},
 address = {New York, NY, USA},
 keywords = {message passing, multicore processors, scalability},
} 

@inproceedings{Liedtke,
 author = {Liedtke, J.},
 title = {On Micro-kernel Construction},
 booktitle = {Proceedings of the Fifteenth ACM Symposium on Operating Systems Principles},
 series = {SOSP '95},
 year = {1995},
 isbn = {0-89791-715-4},
 location = {Copper Mountain, Colorado, USA},
 pages = {237--250},
 numpages = {14},
 url = {http://doi.acm.org/10.1145/224056.224075},
 doi = {10.1145/224056.224075},
 acmid = {224075},
 publisher = {ACM},
 address = {New York, NY, USA},
} 

@ARTICLE{Amoeba,
    author = {Andrew S. Tanenbaum and M. Frans Kaashoek},
    title = {The Amoeba Microkernel},
    journal = {IEEE},
    year = {1994},
    pages = {11--30}
}

@inproceedings{Helios,
 author = {Nightingale, Edmund B. and Hodson, Orion and McIlroy, Ross and Hawblitzel, Chris and Hunt, Galen},
 title = {Helios: Heterogeneous Multiprocessing with Satellite Kernels},
 booktitle = {Proceedings of the ACM SIGOPS 22Nd Symposium on Operating Systems Principles},
 series = {SOSP '09},
 year = {2009},
 isbn = {978-1-60558-752-3},
 location = {Big Sky, Montana, USA},
 pages = {221--234},
 numpages = {14},
 url = {http://doi.acm.org/10.1145/1629575.1629597},
 doi = {10.1145/1629575.1629597},
 acmid = {1629597},
 publisher = {ACM},
 address = {New York, NY, USA},
 keywords = {heterogeneous computing, operating systems},
} 

@article{fos,
 author = {Wentzlaff, David and Agarwal, Anant},
 title = {Factored Operating Systems (Fos): The Case for a Scalable Operating System for Multicores},
 journal = {SIGOPS Oper. Syst. Rev.},
 issue_date = {April 2009},
 volume = {43},
 number = {2},
 month = apr,
 year = {2009},
 issn = {0163-5980},
 pages = {76--85},
 numpages = {10},
 url = {http://doi.acm.org/10.1145/1531793.1531805},
 doi = {10.1145/1531793.1531805},
 acmid = {1531805},
 publisher = {ACM},
 address = {New York, NY, USA},
 keywords = {factored operating system, multicore operating systems},
} 

@inproceedings{Corey,
 author = {Boyd-Wickizer, Silas and Chen, Haibo and Chen, Rong and Mao, Yandong and Kaashoek, Frans and Morris, Robert and Pesterev, Aleksey and Stein, Lex and Wu, Ming and Dai, Yuehua and Zhang, Yang and Zhang, Zheng},
 title = {Corey: An Operating System for Many Cores},
 booktitle = {Proceedings of the 8th USENIX Conference on Operating Systems Design and Implementation},
 series = {OSDI'08},
 year = {2008},
 location = {San Diego, California},
 pages = {43--57},
 numpages = {15},
 url = {http://dl.acm.org/citation.cfm?id=1855741.1855745},
 acmid = {1855745},
 publisher = {USENIX Association},
 address = {Berkeley, CA, USA},
} 

@inproceedings{Tesselation,
 author = {Liu, Rose and Klues, Kevin and Bird, Sarah and Hofmeyr, Steven and Asanovi\'{c}, Krste and Kubiatowicz, John},
 title = {Tessellation: Space-time Partitioning in a Manycore Client OS},
 booktitle = {Proceedings of the First USENIX Conference on Hot Topics in Parallelism},
 series = {HotPar'09},
 year = {2009},
 location = {Berkeley, California},
 pages = {10--10},
 numpages = {1},
 url = {http://dl.acm.org/citation.cfm?id=1855591.1855601},
 acmid = {1855601},
 publisher = {USENIX Association},
 address = {Berkeley, CA, USA},
} 

@inproceedings{Dandelion,
 author = {Rossbach, Christopher J. and Yu, Yuan and Currey, Jon and Martin, Jean-Philippe and Fetterly, Dennis},
 title = {Dandelion: A Compiler and Runtime for Heterogeneous Systems},
 booktitle = {Proceedings of the Twenty-Fourth ACM Symposium on Operating Systems Principles},
 series = {SOSP '13},
 year = {2013},
 isbn = {978-1-4503-2388-8},
 location = {Farminton, Pennsylvania},
 pages = {49--68},
 numpages = {20},
 url = {http://doi.acm.org/10.1145/2517349.2522715},
 doi = {10.1145/2517349.2522715},
 acmid = {2522715},
 publisher = {ACM},
 address = {New York, NY, USA},
} 

@book{Vajda,
      author        = "Vajda, Andras",
      title         = "{Programming Many-Core Chips}",
      publisher     = "Springer",
      address       = "Dordrecht",
      year          = "2011",
}

@ONLINE{OSE,
author = {Enea Software},
title = {OSE Real-Time Operating System},
url = {http://www.enea.com/solutions/rtos/ose/}
}


@article{mapreduce,
 author = {Dean, Jeffrey and Ghemawat, Sanjay},
 title = {MapReduce: Simplified Data Processing on Large Clusters},
 journal = {Commun. ACM},
 issue_date = {January 2008},
 volume = {51},
 number = {1},
 month = jan,
 year = {2008},
 issn = {0001-0782},
 pages = {107--113},
 numpages = {7},
 url = {http://doi.acm.org/10.1145/1327452.1327492},
 doi = {10.1145/1327452.1327492},
 acmid = {1327492},
 publisher = {ACM},
 address = {New York, NY, USA},
} 

@article{capabilities,
 author = {Dennis, Jack B. and Van Horn, Earl C.},
 title = {Programming Semantics for Multiprogrammed Computations},
 journal = {Commun. ACM},
 issue_date = {March 1966},
 volume = {9},
 number = {3},
 month = mar,
 year = {1966},
 issn = {0001-0782},
 pages = {143--155},
 numpages = {13},
 url = {http://doi.acm.org/10.1145/365230.365252},
 doi = {10.1145/365230.365252},
 acmid = {365252},
 publisher = {ACM},
 address = {New York, NY, USA},
} 

@inproceedings{Follow-Pattern,
  title={Handling of shared memory in many-core processors without locks and transactional memory},
  author={Vajda, Andr{\'a}s},
  booktitle={Proceedings of the 2010 Workshop on Programmability Issues for Multi-Core Computers},
  year={2010}
}

@INPROCEEDINGS{Mach,
    author = {David B. Golub and Daniel P. Julin and Richard F. Rashid and Richard P. Draves and Randall W. Dean and Alessandro Forin and Joseph Barrera and Hideyuki Tokuda and Gerald Malan and David Bohman},
    title = {Microkernel operating system architecture and mach},
    booktitle = {In Proceedings of the USENIX Workshop on Micro-Kernels and Other Kernel Architectures},
    year = {1992},
    pages = {11--30}
}